@article{evans1994equilibrium,
  title={Equilibrium microstates which generate second law violating steady states},
  author={Evans, Denis J and Searles, Debra J},
  journal={Physical Review E},
  volume={50},
  number={2},
  pages={1645},
  year={1994},
  publisher={APS}
}
@article{Jarzynski2003,
  title={Nonequilibrium work theorem for a system strongly coupled to a thermal environment},
  author={Jarzynski, Chris},
  journal={Journal of Statistical Mechanics: Theory and Experiment},
  volume={2004},
  number={09},
  pages={P09005},
  year={2004},
  publisher={IOP Publishing}
}
@article{crooks1998nonequilibrium,
  title={Nonequilibrium measurements of free energy differences for microscopically reversible Markovian systems},
  author={Crooks, Gavin E},
  journal={Journal of Statistical Physics},
  volume={90},
  number={5-6},
  pages={1481--1487},
  year={1998},
  publisher={Springer}
}
@article{Jarzynski1997,
abstract = {},
archivePrefix = {arXiv},
arxivId = {cond-mat/9610209},
author = {Jarzynski, C.},
doi = {10.1103/PhysRevLett.78.2690},
eprint = {9610209},
file = {:C$\backslash$:/Users/liang/OneDrive/EPFL/EPFL{\_}Labs/LBS/NonEquilibriumState/9610209.pdf:pdf},
isbn = {9783540769545},
issn = {10797114},
journal = {Physical Review Letters},
mendeley-groups = {Non-equilibrium Thermodynamics},
number = {14},
pages = {2690--2693},
pmid = {3132695},
primaryClass = {cond-mat},
title = {{Nonequilibrium equality for free energy differences}},
volume = {78},
year = {1997}
}
@article{Sevick2007,
  title={Fluctuation theorems},
  author={Sevick, Edith M and Prabhakar, R and Williams, Stephen R and Searles, Debra J},
  journal={Annu. Rev. Phys. Chem.},
  volume={59},
  pages={603--633},
  year={2008},
  publisher={Annual Reviews}
}
@book{evans2016fundamentals,
  title={Fundamentals of classical statistical thermodynamics: dissipation, relaxation, and fluctuation theorems},
  author={Evans, Denis James and Searles, Debra Joy and Williams, Stephen Rodney},
  year={2016},
  publisher={John Wiley \& Sons}
}
@article{Evans2002,
abstract = {},
author = {Evans, Denis J. and Searles, Debra J.},
doi = {10.1080/00018730210155133},
file = {:C$\backslash$:/Users/liang/OneDrive/EPFL/EPFL{\_}Labs/LBS/NonEquilibriumState/[Denis J.Evans, Debra J. Searles]The Fluctuation Theorem.pdf:pdf},
isbn = {0001-8732},
issn = {00018732},
journal = {Advances in Physics},
mendeley-groups = {Non-equilibrium Thermodynamics},
number = {7},
pages = {1529--1585},
pmid = {18190201},
title = {{The fluctuation theorem}},
volume = {51},
year = {2002}
}
